@book{royden2nd,
author = {Royden, H. L.},
address = {New York},
booktitle = {Real analysis},
keywords = {Functions of real variables},
language = {eng},
lccn = {86033216},
edition = {Third edition.},
isbn = {0024041513},
publisher = {Macmillan},
title = {Real analysis / H.L. Royden.},
year = {1988 - 1988},
}